@misc{zaki,
    howpublished = {https://tinyurl.com/4r49v7ta},
    author = {Mohamad Zaki Hussein},
    title = {``[hikmah] Islam Liberal''},
    month = {Dec},
    year = {2000},
    note = {Diakses pada 12-09-2021}
}

@article{samsudin,
  title={Sejarah Munculnya Pemikiran Islam Liberal di Indonesia},
  author={Samsudin and Nina Herlina Lubis},
  journal={Patanjala},
  volume={11},
  number={3},
  pages={483--498},
  year={2019},
  publisher={Balai Pelestarian Nilai Budaya Jawa Barat}
}

@article{mustofa,
  title={Memahami Teorisme: Suatu Perspektif Kriminologi},
  author={Muhammad Mustofa},
  journal={Jurnal Kriminologi Indonesia},
  volume={2},
  number={3},
  pages={30--38},
  year={2002}
}

@article{junaid,
  title={Pergerakan Kelompok Terorisme dalam Perspektif Barat dan Islam},
  author={Hamzah Junaid},
  journal={Sulesana: Jurnal Wawasan Keislaman},
  volume={8},
  number={2},
  pages={118--135},
  year={2013}
}

@article{venkat,
  title={Religious basis for Islamic terrorism: The Quran and its interpretations},
  author={Amritha Venkatraman},
  journal={Studies in Conflict \& Terrorism},
  volume={30},
  number={3},
  pages={229--248},
  year={2007},
  publisher={Taylor \& Francis}
}